
@article{su2013height,
  title={Height Estimation and Image Tracking Control of an Indoor Quad-Rotor Craft via Multi-Vision Systems},
  author={Su, Juhng-Perng and Hsia, Kuo-Hsien},
  journal={International Journal of Computer, Consumer and Control (IJ3C)},
  volume={2},
  number={4},
  year={2013}
}

@inproceedings{naseer2013followme,
	title={Followme: Person following and gesture recognition with a quadrocopter},
	author={Naseer, Tayyab and Sturm, J{\"u}rgen and Cremers, Daniel},
	booktitle={Intelligent Robots and Systems (IROS), 2013 IEEE/RSJ International Conference on},
	pages={624--630},
	year={2013},
	organization={IEEE}
}

@inproceedings{muller2011vision,
	title={Vision-based drone flight control and crowd or riot analysis with efficient color histogram based tracking},
	author={M{\"u}ller, Thomas and M{\"u}ller, Markus},
	booktitle={Airborne Intelligence, Surveillance, Reconnaissance (ISR) Systems and Applications VIII},
	volume={8020},
	pages={80200R},
	year={2011},
	organization={International Society for Optics and Photonics}
}

@incollection{qadir2011board,
	title={On-board visual tracking with unmanned aircraft system (UAs)},
	author={Qadir, Ashraf and Neubert, Jeremiah and Semke, William and Schultz, Richard},
	booktitle={Infotech@ Aerospace 2011},
	pages={1503},
	year={2011}
}

@inproceedings{imamura2016human,
	title={Human tracking by a multi-rotor drone using HOG features and linear SVM on images captured by a monocular camera},
	author={Imamura, Yusuke and Okamoto, Shingo and Lee, Jae Hoon},
	booktitle={Proceedings of the International MultiConference of Engineers and Computer Scientists},
	volume={1},
	pages={8--13},
	year={2016}
}

@article{comaniciu2003kernel,
	title={Kernel-based object tracking},
	author={Comaniciu, Dorin and Ramesh, Visvanathan and Meer, Peter},
	journal={IEEE Transactions on pattern analysis and machine intelligence},
	volume={25},
	number={5},
	pages={564--577},
	year={2003},
	publisher={IEEE}
}

@article{weng2006video,
	title={Video object tracking using adaptive Kalman filter},
	author={Weng, Shiuh-Ku and Kuo, Chung-Ming and Tu, Shu-Kang},
	journal={Journal of Visual Communication and Image Representation},
	volume={17},
	number={6},
	pages={1190--1208},
	year={2006},
	publisher={Elsevier}
}

@inproceedings{liu2016ssd,
	title={Ssd: Single shot multibox detector},
	author={Liu, Wei and Anguelov, Dragomir and Erhan, Dumitru and Szegedy, Christian and Reed, Scott and Fu, Cheng-Yang and Berg, Alexander C},
	booktitle={European conference on computer vision},
	pages={21--37},
	year={2016},
	organization={Springer}
}

@inproceedings{redmon2016you,
	title={You only look once: Unified, real-time object detection},
	author={Redmon, Joseph and Divvala, Santosh and Girshick, Ross and Farhadi, Ali},
	booktitle={Proceedings of the IEEE conference on computer vision and pattern recognition},
	pages={779--788},
	year={2016}
}


@misc{kcf,
	author = {Thomas Vojir},
	title = {Open Source implementation of High speed tracking with kernelized correlation filters},
	howpublished = {\url{https://github.com/vojirt/kcf}},
}

@article{abadi2016tensorflow,
	title={Tensorflow: Large-scale machine learning on heterogeneous distributed systems},
	author={Abadi, Mart{\'\i}n and Agarwal, Ashish and Barham, Paul and Brevdo, Eugene and Chen, Zhifeng and Citro, Craig and Corrado, Greg S and Davis, Andy and Dean, Jeffrey and Devin, Matthieu and others},
	journal={arXiv preprint arXiv:1603.04467},
	year={2016}
}

@inproceedings{ren2015faster,
	title={Faster r-cnn: Towards real-time object detection with region proposal networks},
	author={Ren, Shaoqing and He, Kaiming and Girshick, Ross and Sun, Jian},
	booktitle={Advances in neural information processing systems},
	pages={91--99},
	year={2015}
}

@inproceedings{achtelik2009visual,
	title={Visual tracking and control of a quadcopter using a stereo camera system and inertial sensors},
	author={Achtelik, Markus and Zhang, Tianguang and Kuhnlenz, Kolja and Buss, Martin},
	booktitle={Mechatronics and automation, 2009. icma 2009. international conference on},
	pages={2863--2869},
	year={2009},
	organization={IEEE}
}

@inproceedings{bartak2015any,
	title={Any object tracking and following by a flying drone},
	author={Bart{\'a}k, Roman and Vykovsk{\`y}, Adam},
	booktitle={Artificial Intelligence (MICAI), 2015 Fourteenth Mexican International Conference on},
	pages={35--41},
	year={2015},
	organization={IEEE}
}

@inproceedings{dang2013vision,
	title={Vision based ground object tracking using AR. Drone quadrotor},
	author={Dang, Chi-Tinh and Pham, Hoang-The and Pham, Thanh-Binh and Truong, Nguyen-Vu},
	booktitle={Control, Automation and Information Sciences (ICCAIS), 2013 International Conference on},
	pages={146--151},
	year={2013},
	organization={IEEE}
}

@article{kalal2012tracking,
	title={Tracking-learning-detection},
	author={Kalal, Zdenek and Mikolajczyk, Krystian and Matas, Jiri},
	journal={IEEE transactions on pattern analysis and machine intelligence},
	volume={34},
	number={7},
	pages={1409--1422},
	year={2012},
	publisher={IEEE}
}

@article{lucas1981iterative,
	title={An iterative image registration technique with an application to stereo vision},
	author={Lucas, Bruce D and Kanade, Takeo and others},
	year={1981},
	publisher={Vancouver, BC, Canada}
}

@article{henriques2015high,
	title={High-speed tracking with kernelized correlation filters},
	author={Henriques, Jo{\~a}o F and Caseiro, Rui and Martins, Pedro and Batista, Jorge},
	journal={IEEE Transactions on Pattern Analysis and Machine Intelligence},
	volume={37},
	number={3},
	pages={583--596},
	year={2015},
	publisher={IEEE}
}

@article{lee2015comparing,
	title={Comparing Deep Neural Networks and Traditional Vision Algorithms in Mobile Robotics},
	author={Lee, Andy},
	journal={Swarthmore College},
	year={2015}
}

@misc{objdet,
	author = {Ankit Sachan},
	title = {Guide to Object Detection using Deep Learning: Faster R-CNN,YOLO,SSD},
	howpublished = {\url{http://cv-tricks.com/object-detection/faster-r-cnn-yolo-ssd/}},
}

@misc{objssd,
	title = {Object Detection using Single Shot Multibox Detector},
	howpublished = {\url{http://cv-tricks.com/object-detection/single-shot-multibox-detector-ssd/}},
}

@misc{ros,
	title = {Robot Operating System},
	howpublished = {\url{https://en.wikipedia.org/wiki/Robot_Operating_System}},
}

@article{lagendijk2002stereoscopic,
	title={Stereoscopic Image Processing},
	author={Lagendijk, Reginald L and Franich, Ruggero EH and Hendriks, Emile A},
	journal={Delft University of Technology, Electrical Engineering, Delft, The Netherlands},
	year={2002}
}

@article{rhudy2017kalman,
	title={A Kalman Filtering Tutorial For Undergraduate Students},
	author={Rhudy, Matthew B and Salguero, Roger A and Holappa, Keaton},
	journal={International Journal of Computer Science \& Engineering Survey (IJCSES)},
	volume={8},
	pages={1--18},
	year={2017}
}

@misc{drone,
	title = {Controlling of a single drone: Hovering the drone during flight modes},
	howpublished = {\url{se.wtb.tue.nl/~lefeber/do_download_pdf.php?id=159}},
}

@misc{tensorgit,
	author = {Tensorflow},
	title = {Tensorflow Object-detection API},
	howpublished = {\url{https://github.com/tensorflow/models/tree/master/research/object_detection}},
}






